<?xml version="1.0" encoding="UTF-8"?>
<record xmlns="http://www.loc.gov/MARC21/slim">
   <leader>01285cam a2200361 a 4500</leader>
   <controlfield tag="001">240475</controlfield>
   <controlfield tag="003">NjP</controlfield>
   <controlfield tag="005">20190705135904.0</controlfield>
   <controlfield tag="008">840126s1982    ir           f000 0 ara d</controlfield>
   <datafield tag="024" ind1="7" ind2=" ">
      <subfield code="a">princeton_aco003699</subfield>
      <subfield code="2">local</subfield>
   </datafield>
   <datafield ind1=" " ind2=" " tag="040">
      <subfield code="a">NNU</subfield>
      <subfield code="c">PUL</subfield>
      <subfield code="d">PUL</subfield>
   </datafield>
   <datafield ind1=" " ind2=" " tag="035">
      <subfield code="a">(CStRLIN)NJPG84-B4839</subfield>
   </datafield>
   <datafield ind1=" " ind2=" " tag="035">
      <subfield code="9">ABF5557TS</subfield>
   </datafield>
   <datafield ind1=" " ind2=" " tag="035">
      <subfield code="a">(NjP)240475</subfield>
   </datafield>
   <datafield ind1="1" ind2=" " tag="041">
      <subfield code="a">ara</subfield>
      <subfield code="h">per</subfield>
   </datafield>
   <datafield ind1=" " ind2=" " tag="043">
      <subfield code="a">a-ir---</subfield>
   </datafield>
   <datafield ind1=" " ind2=" " tag="049">
      <subfield code="a">PULL</subfield>
   </datafield>
   <datafield ind1=" " ind2=" " tag="035">
      <subfield code="a">(OCoLC)ocm61619054</subfield>
   </datafield>
   <datafield ind1="1" ind2=" " tag="110">
      <subfield code="a">Iran.</subfield>
      <subfield code="0">http://id.loc.gov/authorities/names/n79039880</subfield>
   </datafield>
   <datafield ind1="1" ind2="0" tag="240">
      <subfield code="6">880-01</subfield>
      <subfield code="a">Qānūn-i Asāsī (1979).</subfield>
      <subfield code="l">Arabic</subfield>
   </datafield>
   <datafield ind1="1" ind2="0" tag="245">
      <subfield code="6">880-02</subfield>
      <subfield code="a">Dustūr Jumhūrīyat Īrān al-Islāmīyah.</subfield>
   </datafield>
   <datafield ind1=" " ind2=" " tag="250">
      <subfield code="6">880-03</subfield>
      <subfield code="a">al-Ṭabʻah 1.</subfield>
   </datafield>
   <datafield ind1=" " ind2=" " tag="260">
      <subfield code="6">880-04</subfield>
      <subfield code="a">Ṭihrān :</subfield>
      <subfield code="b">Wizārat al-Irshād al-Islāmī,</subfield>
      <subfield code="c">1403 [1982 or 1983]</subfield>
   </datafield>
   <datafield ind1=" " ind2=" " tag="300">
      <subfield code="a">109 p. ;</subfield>
      <subfield code="c">21 cm.</subfield>
   </datafield>
   <datafield ind1=" " ind2="0" tag="651">
      <subfield code="a">Iran</subfield>
      <subfield code="x">Constitution.</subfield>
   </datafield>
   <datafield ind1="1" ind2="0" tag="880">
      <subfield code="6">240-01/r</subfield>
      <subfield code="a">قانونا اساسي (1979).</subfield>
      <subfield code="l">Arabic</subfield>
   </datafield>
   <datafield ind1="1" ind2="0" tag="880">
      <subfield code="6">245-02/r</subfield>
      <subfield code="a">دستور جمهورية ايران الاسلامية.</subfield>
   </datafield>
   <datafield ind1=" " ind2=" " tag="880">
      <subfield code="6">250-03/r</subfield>
      <subfield code="a">الطبعة 1.</subfield>
   </datafield>
   <datafield ind1=" " ind2=" " tag="880">
      <subfield code="6">260-04/r</subfield>
      <subfield code="a">طهران :</subfield>
      <subfield code="b">وزارة الارشاد الاسلامي،</subfield>
      <subfield code="c">1403 [1982 or 1983]</subfield>
   </datafield>
   <datafield ind1=" " ind2=" " tag="998">
      <subfield code="a">10/07/87</subfield>
      <subfield code="s">9114</subfield>
      <subfield code="n">NjP</subfield>
      <subfield code="w">NJPG84B4839</subfield>
      <subfield code="d">01/26/84</subfield>
      <subfield code="c">DGH</subfield>
      <subfield code="b">MT</subfield>
      <subfield code="i">871007</subfield>
      <subfield code="l">NJPG</subfield>
   </datafield>
   <datafield ind1=" " ind2=" " tag="911">
      <subfield code="a">19921028</subfield>
   </datafield>
   <datafield ind1=" " ind2=" " tag="912">
      <subfield code="a">19900822000000.0</subfield>
   </datafield>
   <datafield ind1=" " ind2=" " tag="994">
      <subfield code="a">C0</subfield>
      <subfield code="b">PUL</subfield>
   </datafield>
   <datafield ind1=" " ind2=" " tag="999">
      <subfield code="a">240475</subfield>
   </datafield>
   <datafield ind1=" " ind2=" " tag="979">
      <subfield code="a">(OCoLC)ocn175800461</subfield>
   </datafield>
   <datafield ind1="8" ind2="0" tag="852">
      <subfield code="0">263513</subfield>
      <subfield code="b">rcppa</subfield>
      <subfield code="t">1</subfield>
      <subfield code="h">KPF</subfield>
      <subfield code="i">.I7312 1982</subfield>
      <subfield code="x">tr fr arab</subfield>
   </datafield>
   <datafield ind1=" " ind2=" " tag="959">
      <subfield code="a">2000-06-13 00:00:00 -0400</subfield>
   </datafield>
</record>
